<?xml version="1.0" encoding="UTF-8"?><collection xmlns="http://www.loc.gov/MARC21/slim"><record><leader>00543nam--2200181-i-4500</leader><controlfield tag="001">000019133</controlfield><controlfield tag="002">20161230</controlfield><controlfield tag="005">20161230201033</controlfield><controlfield tag="008">060222s1000------------r-----000-0-eng-d</controlfield><datafield ind1=" " ind2=" " tag="040"><subfield code="a">IFIN-HH</subfield></datafield><datafield ind1=" " ind2=" " tag="080"><subfield code="a">537.58</subfield></datafield><datafield ind1="1" ind2=" " tag="100"><subfield code="a">Fomenko, V.S</subfield></datafield><datafield ind1="1" ind2="0" tag="245"><subfield code="a">Handbook of thermionic properties. electronic work functions and richardson constants of elements and compounds</subfield><subfield code="c">V.s. formenko</subfield></datafield><datafield ind1=" " ind2=" " tag="260"><subfield code="a">New York</subfield><subfield code="b">Plenum Press</subfield><subfield code="c">1966</subfield></datafield><datafield ind1=" " ind2=" " tag="300"><subfield code="a">VII + 151 P</subfield></datafield><datafield ind1="1" ind2=" " tag="700"><subfield code="a">Samsonov, G.V</subfield><subfield code="e">Ed</subfield></datafield><datafield ind1=" " ind2=" " tag="852"><subfield code="a">23353</subfield><subfield code="c">53.081</subfield></datafield><datafield ind1=" " ind2=" " tag="CAT"><subfield code="a">Sys</subfield><subfield code="c">20160329</subfield><subfield code="h">093419</subfield></datafield></record></collection>